@misc{projects-2023,
	author = {Contributors to Wikimedia projects},
	month = {12},
	title = {{LaTeX/Tables}},
	year = {2023},
	url = {https://en.wikibooks.org/wiki/LaTeX/Tables},
}

@misc{PFGPlots,
	title = {{PGFPlots - A LaTeX package to create plots.}},
	url = {https://pgfplots.sourceforge.net/},
}

 @article{Gianotti_2001, title={Associative processing and paranormal belief}, volume={55}, ISSN={1440-1819}, url={http://dx.doi.org/10.1046/j.1440-1819.2001.00911.x}, DOI={10.1046/j.1440-1819.2001.00911.x}, number={6}, journal={Psychiatry and Clinical Neurosciences}, publisher={Wiley}, author={Gianotti, Lorena R. R. and Mohr, Christine and Pizzagalli, Diego and Lehmann, Dietrich and Brugger, Peter}, year={2001}, month=dec, pages={595–603} }

@article{Beaty_2022, 
title={Semantic Distance and the Alternate Uses Task: Recommendations for Reliable Automated Assessment of Originality}, volume={34}, ISSN={1532-6934}, url={http://dx.doi.org/10.1080/10400419.2022.2025720}, DOI={10.1080/10400419.2022.2025720}, number={3}, journal={Creativity Research Journal}, publisher={Informa UK Limited}, author={Beaty, Roger E. and Johnson, Dan R. and Zeitlen, Daniel C. and Forthmann, Boris}, year={2022}, month=jan, pages={245–260} }

@article{beaty2021automating,
  title={Automating creativity assessment with SemDis: An open platform for computing semantic distance},
  author={Beaty, Roger E and Johnson, Dan R},
  journal={Behavior research methods},
  volume={53},
  number={2},
  pages={757--780},
  year={2021},
  publisher={Springer}
}

@article{dumas2021measuring,
  title={Measuring divergent thinking originality with human raters and text-mining models: A psychometric comparison of methods.},
  author={Dumas, Denis and Organisciak, Peter and Doherty, Michael},
  journal={Psychology of Aesthetics, Creativity, and the Arts},
  volume={15},
  number={4},
  pages={645},
  year={2021},
  publisher={Educational Publishing Foundation}
}

@article{Olson_2021, title={Naming unrelated words predicts creativity}, volume={118}, ISSN={1091-6490}, url={http://dx.doi.org/10.1073/pnas.2022340118}, DOI={10.1073/pnas.2022340118}, number={25}, journal={Proceedings of the National Academy of Sciences}, publisher={Proceedings of the National Academy of Sciences}, author={Olson, Jay A. and Nahas, Johnny and Chmoulevitch, Denis and Cropper, Simon J. and Webb, Margaret E.}, year={2021}, month=jun }

@article{Pennington_2014, title={Glove: Global Vectors for Word Representation}, url={http://dx.doi.org/10.3115/v1/D14-1162}, DOI={10.3115/v1/d14-1162}, journal={Proceedings of the 2014 Conference on Empirical Methods in Natural Language Processing (EMNLP)}, publisher={Association for Computational Linguistics}, author={Pennington, Jeffrey and Socher, Richard and Manning, Christopher}, year={2014} }
